@misc{_types_????,
	author={National Instruments},
	title = {\textit{Types de capteurs de temp\'{e}rature - {National} {Instruments}}},
	url = {http://www.ni.com/white-paper/10635/fr/},
	note={Site web sur internet. <http://www.ni.com/white-paper/10635/fr/>. Constult\'{e} le 11 novembre 2015},
	urldate = {2015-11-11},
	file = {Types de capteurs de temp\'{e}rature - National Instruments:C\:\\Users\\Lucas\\AppData\\Roaming\\Zotero\\Zotero\\Profiles\\m6e73o0q.default\\zotero\\storage\\NV8VQTWA\\fr.html:text/html}
}

@misc{de_geest_emmanuel_methodes_????,
	title = {\textit{M\'{e}thodes d'optimisation pour le r\'{e}glages de contr\^{o}leurs {PID}}},
	note={Pdf sur internet.<http://www.montefiore.ulg.ac.be/systems/degeest.pdf>. Consult\'{e} le 12 novembre 2015},
	url = {http://www.montefiore.ulg.ac.be/systems/degeest.pdf},
	urldate = {2015-11-11},
	author = {{DE GEEST Emmanuel}}
}

@misc{_11.13._????,
	author={Python},
	title = {\textit{ sqlite3 interface for SQLite databases}},
	note={Site web sur internet. <https://docs.python.org/2/library/sqlite3.html>. Consult\'{e} le 11 novelbre 2015.
	url = {https://docs.python.org/2/library/sqlite3.html},
	urldate = {2015-11-11}
}}

@misc{_requests:_????,
	author={Apache2},
	title = {\textit{Requests: HTTP for Humans}},
	note={Site web sur internet. <http://www.python-requests.org/en/latest/>. Consult\'{e} le 11 novembre 2015},
	url = {http://www.python-requests.org/en/latest/},
	urldate = {2015-11-11},
	file = {Requests\: HTTP for Humans — Requests 2.8.1 documentation:C\:\\Users\\Lucas\\AppData\\Roaming\\Zotero\\Zotero\\Profiles\\m6e73o0q.default\\zotero\\storage\\CMFSDCQF\\latest.html:text/html}
}

@misc{_beginning_????,
	title = {\textit{Beginning Arduino Programming}},
	note={Site web sur internet. <http://www.ele.uri.edu/courses/ele205/ELE205Lab/ELE205_Lab_files/>. Consult\'{e} le 11 novembre 2015.},
	url = {http://www.ele.uri.edu/courses/ele205/ELE205Lab/ELE205_Lab_files/},
	urldate = {2015-11-11}
}

@misc{_raspberry_????,
	author={Raspberry Pi},
	title = {\textit{Raspberry {Pi} - {Teach}, {Learn}, and {Make} with {Raspberry} {Pi}}},
	note={Site web sur internet. <https://www.raspberrypi.org/>. consult\'{e} le 19 octobre 2015},
	url = {https://www.raspberrypi.org/},
	abstract = {The Raspberry Pi is a tiny and affordable computer that you can use to learn programming through fun, practical projects. Join the global Raspberry Pi Community.},
	urldate = {2015-11-11},
	journal = {Raspberry Pi},
	file = {Snapshot:C\:\\Users\\Lucas\\AppData\\Roaming\\Zotero\\Zotero\\Profiles\\m6e73o0q.default\\zotero\\storage\\5M2W6IIP\\www.raspberrypi.org.html:text/html}
}

@book{mcroberts_michael_beginning_2013,
	series = {Technology in action},
	title = {\textit{Beginning Arduino}},
	isbn = {978-1-4302-5016-6},
	language = {anglais},
	publisher = {Apress},
	author = {{MCROBERTS Michael}},
	month = oct,
	year = {2013}
}

@misc{_generalites_????,
	title = {\textit{G\'{e}n\'{e}ralit\'{e}s sur les capteurs}},
	url = {http://sti.discip.ac-caen.fr/sites/sti.discip.ac-caen.fr/IMG/pdf/Generalites_sur_les_capteurs.pdf},
	urldate = {2015-11-11},
	file = {Généralités sur les capteurs - Generalites_sur_les_capteurs.pdf:C\:\\Users\\Lucas\\AppData\\Roaming\\Zotero\\Zotero\\Profiles\\m6e73o0q.default\\zotero\\storage\\AAZ99KMT\\Generalites_sur_les_capteurs.html:text/html}
}

@book{_arduino_2013,
	author={Arduino},
	title = {\textit{Arduino projects book}},
	publisher = {Project and text by Scott Fitzgerald and Micheal Shiloh},
	year = {2013}
}

@article{bourgeois_automatisme_2015,
	title = {\textit{Automatisme et r\'{e}gulation des \'{e}quipements thermiques}},
	volume = {base documentaire : TIB595DUO.},
	url = {http://www.techniques-ingenieur.fr/base-documentaire/energies-th4/fluides-controle-et-isolation-thermiques-42595210/automatisme-et-regulation-des-equipements-thermiques-be9590/},
	abstract = {es techniques de l’automatique ne sont pas seulement un moyen de commander des processus mais aussi un moyen de réduire les pertes de production, d’augmenter la qualité et la quantité des produits, d’augmenter la disponibilité des unités et de diminuer les coûts marginaux de production. Un automatisme bien pensé, surtout si son étude intervient en amont de la conception des unités de production, aura une implication économique importante. L’automatisme et la régulation des équipements thermiques tels que les fours, étuves, enceintes climatiques, chaudières... s’inscrit bien dans ce cadre. La régulation des procédés thermiques regroupe l’ensemble des moyens matériels et techniques mis en œuvre pour maintenir une grandeur physique à régler , égale à une valeur désirée, appelée consigne . Lorsque des perturbations ou des changements de consigne se produisent, la régulation provoque une action correctrice sur une grandeur physique du procédé, appelée grandeur réglante (ou commande ) Dans cet article, on s'intéressera aux moyens matériels et techniques de mise en œuvre de la régulation. Les techniques décrites sont universelles et peuvent s'appliquer à tout procédé. Les régulateurs PID (Proportionnel, Intégral, Dérivé) sont très répandus et conviennent dans environ 80 \% des boucles de régulation. Pour les 20 \% restant, il est nécessaire d'avoir recours à des régulations de type avancé pour lesquelles une modélisation du procédé est indispensable. Les régulateurs PID se présentent soit sous la forme d'un boîtier autonome (régulateur de tableau) qui se fixe en face avant d'une armoire de contrôle-commande, soit programmés dans un automate ou dans un calculateur industriel. Les régulateurs de type avancé sont en général programmés sur calculateur industriel équipé du nombre d'entrées-sorties nécessaire à la commande de l'installation. Pour la plupart des applications avec PID où les contraintes sur la grandeur réglée ne sont pas fortes (précision faible, temps de montée non critique, dépassement autorisé, etc.), les réglages du régulateur sont à la portée d'un utilisateur n'ayant pas de connaissances particulières en automatique. Il suffit en général de suivre les recommandations du constructeur. Pour certaines applications où les contraintes sur la grandeur réglée sont fortes (bonne précision, par exemple ± 0,3 sur une échelle de 100, temps de montée le plus court possible et sans dépassement, sensibilité faible aux perturbations, par exemple la température d'un fluide chauffé ne doit pas varier de plus de 2 \% autour de la consigne en cas de variations de débit de ± 30\% autour du débit nominal), on utilise plusieurs PID en cascade ou en tendance. Mais cette architecture, très souvent onéreuse, engendre généralement une mise en service longue et nécessite l'assistance d'un spécialiste de l'automatique. Pour les cas que l'on pourrait qualifier de pointus (temps mort important, supérieur à la moitié de la constante de temps principale du procédé, constantes de temps et gain statique variables en fonction des conditions de fonctionnement), une modélisation du procédé s'impose avec régulation de type avancé. Cette solution est longue et onéreuse car elle nécessite une étude spécifique par un spécialiste de l'automatique, avec développement sur calculateur ou automate ou plus rarement sur des régulateurs de tableau de très haut de gamme.},
	number = {ref. article : be9590},
	journal = {Techniques de l\'{} ing\'{e}nieur Fluides, contr\^{o}le et isolation thermiques},
	author = {BOURGEOIS, Jean-Fran\c{c}ois},
	year = {2015},
	note = {fre}
}

@book{swimmen_gerard_apprendre_2012,
	series = {Noire},
	title = {Apprendre à programmer avec {Python} 3},
	language = {Français},
	publisher = {Eyrolles},
	author = {{SWIMMEN G\'{e}rard}},
	year = {2012}
}

@misc{_html5_????,
	author={World Wide Web consortium},
	title = {\textit{HTML5 A vocabulary and associated APIs for HTML and XHTML}},
	note={site web sur internet. <http://www.w3.org/TR/html5/>.Consult\'{e} le 11 novembre 2015.},
	url = {http://www.w3.org/TR/html5/},
	urldate = {2015-11-11},
	file = {HTML5:C\:\\Users\\Lucas\\AppData\\Roaming\\Zotero\\Zotero\\Profiles\\m6e73o0q.default\\zotero\\storage\\7GJHDG7I\\html5.html:text/html}
}

@misc{_capteur_2015,
	author ={Wikipedia},
	title = {\textit{Capteur}},
	copyright = {Creative Commons Attribution-ShareAlike License},
	url = {https://fr.wikipedia.org/w/index.php?title=Capteur&oldid=120198735},
	abstract = {Un capteur est un dispositif transformant l'état d'une grandeur physique observée en une grandeur utilisable, telle qu'une tension électrique, une hauteur de mercure, une intensité ou la déviation d'une aiguille. On fait souvent (à tort) la confusion entre capteur et transducteur : le capteur est au minimum constitué d'un transducteur.
Le capteur se distingue de l'instrument de mesure par le fait qu'il ne s'agit que d'une simple interface entre un processus physique et une information manipulable. Par opposition, l'instrument de mesure est un appareil autonome se suffisant à lui-même, disposant d'un affichage ou d'un système de stockage des données. Le capteur, lui, en est dépourvu.
Les capteurs sont les éléments de base des systèmes d'acquisition de données. Leur mise en œuvre est du domaine de l'instrumentation.},
	language = {fr},
	urldate = {2015-11-11},
	journal = {Wikipédia},
	month = nov,
	year = {2015},
	note = {Site web sur internet. <https://fr.wikipedia.org/wiki/Capteur>. Consult\'{e} le 11 novembre 2015. Page Version ID: 120198735},
	file = {Snapshot:C\:\\Users\\Lucas\\AppData\\Roaming\\Zotero\\Zotero\\Profiles\\m6e73o0q.default\\zotero\\storage\\U8C95XXF\\index.html:text/html}
}

@misc{_proportional_????,
	title = {\textit{Types de r\'{e}gulateurs}},
	note={Site web sur internet. <http://www.asconumatics.eu/images/site/upload/propcontr_fr.pdf>. Consult\'{e} le 11 novembre 2015}
}

@misc{_json_????,
	author={JSON},
	title = {\textit{JSON}},
	note={Site web sur internet.<http://www.json.org/>. Consult\'{e} le 11 novembre 2015},
	url = {http://www.json.org/},
	urldate = {2015-11-11}
}

@book{haelterman_marc_physique_2014,
	edition = {1e \'{e}dition-Tirage},
	series = {{BA}1 - Syllabus de Laboratoire (2014-2015)},
	title = {\textit{Physique g\'{e}n\'{e}rale : Universit\'{e} libre de {Bruxelles}}},
	language = {français},
	publisher = {ULB},
	author = {{HAELTERMAN Marc}},
	year = {2014}
}

@misc{_argparse_????,
	author={Python}
	title = {\textit{Argparse Tutorial  Python}},
	note={Site web sur internet.<https://docs.python.org/2/howto/argparse.html>.Consult\'{e} le 11 novembre 2015.},
	url = {https://docs.python.org/2/howto/argparse.html},
	urldate = {2015-11-11}
}

@misc{_hypertext_2015,
	author={Wikipedia},
	title = {Hypertext {Transfert} {Protocol}},
	copyright = {Creative Commons Attribution-ShareAlike License},
	url = {https://fr.wikipedia.org/w/index.php?title=Hypertext_Transfer_Protocol&oldid=119752524},
	abstract = {L'HyperText Transfer Protocol, plus connu sous l'abréviation HTTP — littéralement « protocole de transfert hypertexte » — est un protocole de communication client-serveur développé pour le World Wide Web. HTTPS (avec S pour secured, soit « sécurisé ») est la variante du HTTP sécurisée par l'usage des protocoles SSL ou TLS.
HTTP est un protocole de la couche application. Il peut fonctionner sur n'importe quelle connexion fiable, dans les faits on utilise le protocole TCP comme couche de transport. Un serveur HTTP utilise alors par défaut le port 80 (443 pour HTTPS).
Les clients HTTP les plus connus sont les navigateurs Web permettant à un utilisateur d'accéder à un serveur contenant les données. Il existe aussi des systèmes pour récupérer automatiquement le contenu d'un site tel que les aspirateurs de site Web ou les robots d'indexation.
Ces clients se connectent à des serveurs HTTP tels qu'Apache HTTP Server ou Internet Information Services.},
	language = {fr},
	urldate = {2015-11-12},
	journal = {Wikipédia},
	month = oct,
	year = {2015},
	note = {Wikip\'{e}dia.\textit{hypertext transfert protocol}.Site web sur internet.<https://fr.wikipedia.org/wiki/Hypertext_Transfer_Protocol>. Consult\'{e} le 11 novembre 2015},
	file = {Snapshot:C\:\\Users\\Lucas\\AppData\\Roaming\\Zotero\\Zotero\\Profiles\\m6e73o0q.default\\zotero\\storage\\PNM36BGI\\index.html:text/html}
}

@misc{_world_2015,
	author={Wikipedia}
	title = {World {Wide} {Web}},
	copyright = {Creative Commons Attribution-ShareAlike License},
	url = {https://fr.wikipedia.org/w/index.php?title=World_Wide_Web&oldid=120367962},
	abstract = {Le World Wide Web (WWW), littéralement la « toile (d’araignée) mondiale », communément appelé le Web, et parfois la Toile, est un système hypertexte public fonctionnant sur Internet. Le Web permet de consulter, avec un navigateur, des pages accessibles sur des sites. L’image de la toile d’araignée vient des hyperliens qui lient les pages web entre elles.
Le Web n’est qu’une des applications d’Internet ; distincte d’autres applications comme le courrier électronique, la messagerie instantanée, et le partage de fichiers en pair à pair. Le Web a été inventé par Tim Berners-Lee et Robert Cailliau plusieurs années après Internet, mais c’est lui qui a rendu les médias grand public attentifs à Internet. Depuis, le Web est fréquemment confondu avec Internet ; en particulier, le mot Toile est souvent utilisé dans les textes non techniques sans qu’il désigne clairement le Web ou Internet.},
	language = {fr},
	urldate = {2015-11-12},
	journal = {Wikipédia},
	month = nov,
	year = {2015},
	note = {Site web sur internet.<https://fr.wikipedia.org/wiki/World_Wide_Web>. Consult\'{e} le 11 novembre 2015.},
	file = {Snapshot:C\:\\Users\\Lucas\\AppData\\Roaming\\Zotero\\Zotero\\Profiles\\m6e73o0q.default\\zotero\\storage\\PKXMA35B\\index.html:text/html}
}

@misc{100.pdf_????,
	author={Vishay},
	title = {\textit{NTC Thermistor, radial leaded, standard precision}},
	note={PDF sur internet.<http://www.vishay.com/docs/29049/ntcle100.pdf>. Consult\'{e} le 11 novembre 2015.},
	url = {http://www.worldofgz.com/wp-content/uploads/2013/11/ntcle100.pdf},
	urldate = {2015-11-11},
}

@misc{_bottle:_????,
	author={Bottle},
	title = {\textit{Bottle: Python Web Framework }},
	note={Site web sur internet. <http://bottlepy.org/docs/dev/index.html>. Consult\'{e} le 11 novembre 2015},
	url = {http://bottlepy.org/docs/dev/index.html},
	urldate = {2015-11-11},
	file = {Bottle\: Python Web Framework — Bottle 0.13-dev documentation:C\:\\Users\\Lucas\\AppData\\Roaming\\Zotero\\Zotero\\Profiles\\m6e73o0q.default\\zotero\\storage\\XWNI6BA3\\index.html:text/html}
}

@misc{_arduino_????,
	author={Arduino},
	title = {\textit{Arduino - Home}},
	note={Site web sur internet. <https://www.arduino.cc/>. Consult\'{e} le 10 novembre 2015},
	url = {https://www.arduino.cc/},
	urldate = {2015-11-10}
}

@misc{http_protocol_client,
	author={Python},
	title = {\textit{21.12. http.client — {HTTP} protocol client — {Python} 3.5.1 documentation}},
    note={Site web sur internet. <https://docs.python.org/3/library/http.client.html>. Consult\'{e} le 1 d\'{e}cembre 2015},
	url = {https://docs.python.org/3/library/http.client.html},
	urldate = {2015-12-13},
	file = {21.12. http.client — HTTP protocol client — Python 3.5.1 documentation:C\:\\Users\\TrongQuy\\AppData\\Roaming\\Zotero\\Zotero\\Profiles\\5do1lf7z.default\\zotero\\storage\\NIW2NWMV\\http.client.html:text/html}
}

@misc{PWM,
	title = {Arduino - {PWM}},
    note={Site web sur internet. <https://www.arduino.cc/en/Tutorial/PWM>. Consult\'{e} le 7 décembre 2015}
	url = {https://www.arduino.cc/en/Tutorial/PWM},
	urldate = {2015-12-14},
	file = {Arduino - PWM:C\:\\Users\\TrongQuy\\AppData\\Roaming\\Zotero\\Zotero\\Profiles\\5do1lf7z.default\\zotero\\storage\\HDZFWMGJ\\PWM.html:text/html}
}

@misc{_commande_????,
	title = {Commande numérique de systèmes dynamiques: cours d'automatique - {Roland} {Longchamp} - {Google} {Livres}},
    note={Site web sur internet. <https://books.google.be/books>. Consult\'{e} le 1 mars 2016}
	url = {https://books.google.be/books?id=r5tP1tDFEwMC&pg=PA67&lpg=PA67&dq=ziegler+nichols+methode+numerique&source=bl&ots=6EYb8DLKn2&sig=1Z7tNVvN_ZYXOv2-RhvIE_XDfZA&hl=fr&sa=X&ved=0ahUKEwiI5uqQx7HLAhWGFJoKHW2fBLUQ6AEINjAE#v=onepage&q=ziegler%20nichols%20methode%20numerique&f=false},
	urldate = {2016-03-08},
	file = {Commande numérique de systèmes dynamiques\: cours d'automatique - Roland Longchamp - Google Livres:C\:\\Users\\TrongQuy\\AppData\\Roaming\\Zotero\\Zotero\\Profiles\\5do1lf7z.default\\zotero\\storage\\ADA3IDKZ\\books.html:text/html}
}

@misc{_mit_????,
	title = {{MIT} {App} {Inventor} {\textbar} {Explore} {MIT} {App} {Inventor}},
	note={Site web sur internet. <http://appinventor.mit.edu/explore/>. Consult\'{e} le 13 mars 2016}
    url = {http://appinventor.mit.edu/explore/},
	urldate = {2016-03-13},
	file = {MIT App Inventor | Explore MIT App Inventor:C\:\\Users\\TrongQuy\\AppData\\Roaming\\Zotero\\Zotero\\Profiles\\5do1lf7z.default\\zotero\\storage\\H9BNVI36\\explore.html:text/html}
}