@misc{int1,
  author = {R.M. Price},
  title = {{RMP} {Lecture} {Notes}},
  note = {\url{http://facstaff.cbu.edu/rprice/lectures/contalgo.html}},
  urldate = {2015-11-01}
}

@misc{int2,
  author = {Unknown},
  title = {Types of {Controllers} {Proportional} {Integral} and {Derivative} {Controllers} {Electrical}4u},
  note= {\url{http://www.electrical4u.com/types-of-controllers-proportional-integral-derivative-controllers/}},
  urldate = {2015-11-01}
}

@book{int3,
    author    = "Bela G. Liptak",
    title     = "Instrument Engineers Handbook",
    year      = "2005",
    publisher = "CRC Press",
}

@misc{int4,
  author = "Araki M.",
  title = {CONTROL SYSTEMS, ROBOTICS, AND AUTOMATION},
  note = {\url{http://www.eolss.net/ebooks/Sample%20Chapters/C18/E6-43-03-03.pdf}},
  urldate = {2015-11-01}
}

@misc{int5,
  author = "Jeff",
  title = {Raspberry {Pi} {Thermostat} {Part} 1: {System} {Overview}},
  note = {\url{http://www.nooganeer.com/his/projects/homeautomation/raspberry-pi-thermostat-part-1-overview/}},
  abstract = {A system overview of my web enabled Raspberry Pi thermostat, which uses wireless remote sensors powered by the Spark Core.},
  urldate = {2015-11-01},
  journal = {The Nooganeer}
}

@misc{int6,
  author = "The Python Software Foundation",
  title = {{HTTP} servers — {Python} 3.5.0 documentation},
  note = {\url{https://docs.python.org/3/library/http.server.html}},
  urldate = {2015-11-01}
}

@misc{int7,
  author = "A. Kenneth Reitz",
  title = {Requests: {HTTP} for {Humans} — {Requests} 2.8.1 documentation},
  note = {\url{http://docs.python-requests.org/en/latest/}},
  urldate = {2015-11-01}
}

@misc{int8,
  author = "The Python Software Foundation",
  title = {{Thread}-based parallelism — {Python} 3.5.0 documentation},
  note = {\url{https://docs.python.org/3.5/library/threading.html}},
  urldate = {2015-11-01}
}

@misc{ar1,
  author = "Arduino",
  title = {Arduino - {Website}},
  note = {\url{https://www.arduino.cc/}},
  urldate = {2015-11-01}
}

@misc{ar2,
  author = {Maxim Integrated Products},
  title = {Arduino Nano (V3.0) - User Manual},
  note = {\url{http://www.jameco.com/jameco/products/prodds/2127970.pdf}},
  urldate = {2015-11-01}
}

@misc{ar3,
  author = {Elec-Freaks},
  title = {Specification of DYP-ME003},
  note = {\url{http://elecfreaks.com/store/download/datasheet/sensor/DYP-ME003/Specification.pdf}},
  urldate = {2015-11-01}
}

@misc{ar4,
  author = {Espressif Systems IOT Team},
  title = {ESP8266EX Datasheet},
  note = {\url{https://www.adafruit.com/images/product-files/2471/0A-ESP8266__Datasheet__EN_v4.3.pdf}},
  urldate = {2015-11-01}
}

@misc{wil1,
  author = {Daniel Jackson},
  title = {Http: hypertext transfer protocol},
  note = {\url{http://ocw.mit.edu/courses/electrical-engineering-and-computer-science/6-170-software-studio-spring-2013/lecture-notes/MIT6_170S13_07-http-prtcol.pdf}},
  urldate = {2015-11-01}
}

@misc{wil2,
  author = {Communauté francophone d'utilisateurs d'Ubuntu},
  title = {Http: hypertext transfer protocol},
  note = {\url{http://doc.ubuntu-fr.org/tutoriel/console_ligne_de_commande}},
  urldate = {2015-11-01}
}

@misc{wil3,
  author = {Unknown},
  title = {Linux Bash Shell Cheat Sheet},
  note = {\url{http://cli.learncodethehardway.org/bash_cheat_sheet.pdf}},
  urldate = {2015-11-01}
}

@misc{wil4,
  author = {Raspberry Pi},
  title = {Raspberry Pi - Website},
  note = {\url{https://www.raspberrypi.org}},
  urldate = {2015-11-01}
}

@misc{wil5,
  author = {Raspberry Pi},
  title = {Raspberry Pi 2, Model B},
  note = {\url{http://www.adafruit.com/pdfs/raspberrypi2modelb.pdf}},
  urldate = {2015-11-01}
}

@misc{s1,
  author = {Pavan Podila},
  title = {HTTP: The Protocol Every Web Developer Must Know},
  note = {\url{http://code.tutsplus.com/tutorials/http-the-protocol-every-web-developer-must-know-part-1--net-31177}},
  urldate = {2015-11-01}
}

@misc{s2,
  author = {Unknown},
  title = {HTTP COMMANDS AND RESPONSE CODES},
  note = {\url{http://papa.det.uvigo.es/~theiere/cursos/Curso_WWW/codes.html}},
  urldate = {2015-11-01}
}

@misc{datash,
  author = {Vishay BCcomponents},
  title = {NTC Thermistors, Radial Leaded, Standard Precision - Datasheet},
  note = {\url{https://www.vishay.com}},
}

@misc{massart,
  author = {Thierry Massart},
  title = {INFO-H-100 Informatique - Release 3.4.0 (2015) Chapitre 15},
  note = {\url{http://www.ulb.ac.be/di/verif/tmassart/Informatique/latex/SyllabusPython32.pdf}},
}

@misc{table1,
  author = {Python},
  title = {DB-API 2.0 interface for SQLite databases},
  note = {\url{https://docs.python.org/2/library/sqlite3.html}},
  urldate = {2015-12-13},
}

@misc{table2,
  author = {MySQL},
  title = {Chapter 4 Connector/Python Installation},
  note = {\url{https://dev.mysql.com/doc/connector-python/en/connector-python-installation.html}},
  urldate = {2015-12-13},
}

@misc{table3,
  author = {PyGreSQL},
  title = {PyGreSQL – PostgreSQL module for Python},
  note = {\url{http://www.pygresql.org/}},
  urldate = {2015-12-13},
}

@misc{table4,
  author = {SQLite},
  title = {Datatypes In SQLite Version 3},
  note = {\url{https://www.sqlite.org/datatype3.html}},
  urldate = {2015-12-13},
}

@misc{table5,
  author = {MySQL},
  title = {Chapter 11 Data Types},
  note = {\url{http://dev.mysql.com/doc/refman/5.7/en/data-types.html}},
  urldate = {2015-12-13},
}

@misc{table6,
  author = {PostgreSQL},
  title = {Chapter 8. Data Types},
  note = {\url{http://www.postgresql.org/docs/9.3/static/datatype.html}},
  urldate = {2015-12-13},
}

@misc{table7,
  author = {SQLite},
  title = {Distinctive Features Of SQLite},
  note = {\url{https://www.sqlite.org/different.html}},
  urldate = {2015-12-13},
}

@misc{table8,
  author = {MySQL},
  title = {Chapter 1 General Information},
  note = {\url{http://dev.mysql.com/doc/refman/5.7/en/introduction.html}},
  urldate = {2015-12-13},
}

@misc{table9,
  author = {PostgreSQL},
  title = {PostgreSQL 9.4.5 Documentation},
  note = {\url{http://www.postgresql.org/docs/9.4/static/tutorial-arch.html}},
  urldate = {2015-12-13},
}

@misc{pid1,
  author = {Karl Johan Åström},
  title = {Control System Design - PID Control},
  note = {\url{http://www.cds.caltech.edu/~murray/courses/cds101/fa02/caltech/astrom-ch6.pdf}},
  urldate = {2016-03-12}
}

@misc{pid2,
  author = {Zennio Avance y Tecnología S.L.},
  title = {Advanced Thermostatic Control Module},
  note = {\url{http://www.zennio.com/references-fr/references-fr}},
  urldate = {2016-03-12}
}

@misc{pid3,
  author = {Michel Kinnaert},
  title = {MATH-H-304 Automatique (2012-2013) Chapitre "Régulateur PID"},
  note = {\url{http://saas.ulb.ac.be/fichiers/Bases_regulateur_PID.pdf}},
   urldate = {2016-03-12}
}

@misc{pid4,
  author = {Daniel Ross, Etienne Deguine et Mickaël Camus},
  title = {Asservissement par PID},
  note = {\url{http://lyceejdarc.org/autodoc/cours/003%20T%20STI2D/Technologie%20transversale/Asservissement/020%20Ressources%20documentairs/pid.pdf}},
   urldate = {2016-03-12}
}

@misc{pid5,
  author = {Freddy Mudry},
  title = {Ajustage des Paramètres d’un Régulateur PID},
  note = {\url{http://php.iai.heig-vd.ch/~mee/seminaires/pid_auto_ajustable/latex/napidaj.pdf}},
   urldate = {2016-03-12}
}

@misc{pid6,
  author = {Emmanuel DE GEEST},
  title = {Méthodes d'optimisation pour le réglage de contrôleurs PID},
  note = {\url{http://www.montefiore.ulg.ac.be/systems/degeest.pdf}},
   urldate = {2016-03-12}
}

@misc{pid7,
  author = {Amin Mohammadbagheri, Narges Zaeri et Mahdi Yaghoobi},
  title = {Comparison Performance Between PID and LQR Controllers},
  note = {\url{http://www.ipcsit.com/vol7/43-S093.pdf}},
  urldate = {2016-03-12}
}

@misc{ananum,
  author = {Artem Napov},
  title = {MATH-H-202 Analyse numérique },
  note = {\url{http://metronu.ulb.ac.be/MATH-H-202/index.html}},
  urldate = {2016-03-12}
}

@misc{confort_thermique,
  author = {Mohamed Belmaaziz},
  title = {Cours 4 : Le confort thermique et stratégies
thermiques des êtres humains},
  note = {\url{http://194.199.191.5/taiga_ftp/cours/2011/101577/Cours_thermique_du_batiment_4_confort.pdf}},
  urldate = {2016-03-13}
}

@misc{interpolation_polynomiale,
  author = {Jean-Paul Chehab},
  title = {Interpolation polynomiale (Notes de cours)},
  note = {\url{http://www.lamfa.u-picardie.fr/chehab/Ens/cours_interp.pdf}},
  urldate = {2016-03-13}

}

@book{haelti,
    author    = "Marc Haelterman",
    title     = "Cours de Physique Générale, Chapitre 1, Thermodynamique",
    year      = "2014",
    publisher = "PUB",
}

@misc{zieg
	author = "F. Mudry",
	title = "Ajustage des aramètres d’un régulateur PID",
    note = {\url{http://freddy.mudry.org/public/NotesApplications/NAPidAj_06.pdf}},
    urldate = {2016-03-14}
}
